@InProceedings{owoputi-etal-2013,
  author    = {Owoputi, Olutobi  and  O'Connor, Brendan  and  Dyer, Chris  and  Gimpel, Kevin  and  Schneider, Nathan  and  Smith, Noah A.},
  title     = {Improved Part-of-Speech Tagging for Online Conversational Text with Word Clusters},
  booktitle = {Proceedings of the 2013 Conference of the North American Chapter of the Association for Computational Linguistics: Human Language Technologies},
  month     = {June},
  year      = {2013},
  address   = {Atlanta, Georgia},
  publisher = {Association for Computational Linguistics},
  pages     = {380--390},
  url       = {http://www.aclweb.org/anthology/N13-1039}
}

@inproceedings{wang2014socially,
  title={Socially-Informed Timeline Generation for Complex Events},
  author={Wang, Lu and Cardie, Claire and Marchetti, Galen},
  booktitle={Proceedings of Human Language Technologies: The 2015 Annual Conference of the North American Chapter of the ACL},
  year={2014},
  pages={1055--1065}  
}

@InProceedings{kong-etal-2014,
  author    = {Kong, Lingpeng  and  Schneider, Nathan  and  Swayamdipta, Swabha  and  Bhatia, Archna  and  Dyer, Chris  and  Smith, Noah A.},
  title     = {A Dependency Parser for Tweets},
  booktitle = {Proceedings of the 2014 Conference on Empirical Methods in Natural Language Processing (EMNLP)},
  month     = {October},
  year      = {2014},
  address   = {Doha, Qatar},
  publisher = {Association for Computational Linguistics},
  pages     = {1001--1012},
  url       = {http://www.aclweb.org/anthology/D14-1108}
}


@inproceedings{lin-2004,
  title={Rouge: A Package for Automatic Evaluation of Summaries},
  author={Lin, Chin-Yew},
  booktitle={Text Summarization Branches Out: Proceedings of the ACL-04 Workshop},
  pages={74--81},
  year={2004}
}

@book{mani-2001,
  title={Automatic Summarization},
  author={Mani, Inderjeet},
  volume={3},
  year={2001},
  publisher={John Benjamins Publishing}
}

@inproceedings{wilson2005recognizing,
  title={Recognizing Contextual Polarity in Phrase-Level Sentiment Analysis},
  author={Wilson, Theresa and Wiebe, Janyce and Hoffmann, Paul},
  booktitle={Proceedings of the Conference on Human Language Technology and Empirical Methods in Natural Language Processing},
  pages={347--354},
  year={2005},
  organization={Association for Computational Linguistics}
}

@article{ghosh2011entropy,
  title={Entropy-Based Classification of 'Retweeting' Activity on Twitter},
  author={Ghosh, Rumi and Surachawala, Tawan and Lerman, Kristina},
  journal={Social Network Mining and Analysis},
  year={2011}
}

@inproceedings{chen2012extracting,
  title={Extracting Diverse Sentiment Expressions with Target-Dependent Polarity from Twitter.},
  author={Chen, Lu and Wang, Wenbo and Nagarajan, Meenakshi and Wang, Shaojun and Sheth, Amit P},
  booktitle={Proceedings of International Conference on Web and Social Media},
  pages={50--57},
  year={2012}
}

@inproceedings{feng2012characterizing,
  title={Characterizing Stylistic Elements in Syntactic Structure},
  author={Feng, Song and Banerjee, Ritwik and Choi, Yejin},
  booktitle={Proceedings of the 2012 Joint Conference on Empirical Methods in Natural Language Processing and Computational Natural Language Learning},
  pages={1522--1533},
  year={2012},
  organization={Association for Computational Linguistics}
}

@inproceedings{brooke2013multi,
  title={A Multi-Dimensional Bayesian Approach to Lexical Style.},
  author={Brooke, Julian and Hirst, Graeme},
  booktitle={Human Language Technologies-North American Chapter of the ACL},
  pages={673--679},
  year={2013}
}

@article{lloret2013towards,
  title={Towards Automatic Tweet Generation: A Comparative Study from the Text Summarization Perspective in the Journalism Genre},
  author={Lloret, Elena and Palomar, Manuel},
  journal={Expert Systems with Applications},
  volume={40},
  number={16},
  pages={6624--6630},
  year={2013},
  publisher={Elsevier}
}

@article{dethlefs2014cluster,
  title={Cluster-Based Prediction of User Ratings for Stylistic Surface Realisation},
  author={Dethlefs, Nina and Cuay{\'a}huitl, Heriberto and Hastie, Helen and Rieser, Verena and Lemon, Oliver},
  journal={EACL 2014},
  pages={702},
  year={2014}
}

@inproceedings{manning2014stanford,
  title={The Stanford CoreNLP Natural Language Processing Toolkit},
  author={Manning, Christopher D and Surdeanu, Mihai and Bauer, John and Finkel, Jenny and Bethard, Steven J and McClosky, David},
  booktitle={Proceedings of 52nd Annual Meeting of the Association for Computational Linguistics: System Demonstrations},
  pages={55--60},
  year={2014}
}

@inproceedings{brooke2012building,
  title={Building Readability Lexicons with Unannotated Corpora},
  author={Brooke, Julian and Tsang, Vivian and Jacob, David and Shein, Fraser and Hirst, Graeme},
  booktitle={Proceedings of the First Workshop on Predicting and Improving Text Readability for target reader populations},
  pages={33--39},
  year={2012},
  organization={Association for Computational Linguistics}
}

@inproceedings{chakrabarti2011event,
  title={Event Summarization Using Tweets.},
  author={Chakrabarti, Deepayan and Punera, Kunal},
  booktitle={Proceedings of International Conference on Web and Social Media},
  volume={11},
  pages={66--73},
  year={2011}
}

@inproceedings{inouye2011comparing,
  title={Comparing Twitter Summarization Algorithms for Multiple Post Summaries},
  author={Inouye, David and Kalita, Jugal K},
  booktitle={Privacy, Security, Risk and Trust (PASSAT) and 2011 IEEE Third Inernational Conference on Social Computing (SocialCom)},
  year={2011},
 pages={298--306}

}

@inproceedings{o2010tweetmotif,
  title={TweetMotif: Exploratory Search and Topic Summarization for {T}witter.},
  author={O'Connor, Brendan and Krieger, Michel and Ahn, David},
  booktitle={Proceedings of International Conference on Web and Social Media},
  pages={384--385},
  year={2010}
}

@inproceedings{yajuan2012twitter,
  title={Twitter Topic Summarization by Ranking Tweets Using Social Influence and Content Quality},
  author={Yajuan, Duan and WEIF uRu, CHEN ZhuMin and Heung, ZHOU Ming and SHUM, Yeung},
  booktitle={Proceedings of the 24th International Conference on Computational Linguistics},
  pages={763--780},
  year={2012}
}

@inproceedings{lofi2012iparticipate,
  title={iParticipate: Automatic Tweet Generation from Local Government Data},
  author={Lofi, Christoph and Krestel, Ralf},
  booktitle={Database Systems for Advanced Applications},
  pages={295--298},
  year={2012},
  organization={Springer}
}

@article{hahn2000challenges,
  title={The Challenges of Automatic Summarization},
  author={Hahn, Udo and Mani, Inderjeet},
  journal={Computer},
  volume={33},
  number={11},
  pages={29--36},
  year={2000},
  publisher={IEEE}
}

@inproceedings{conroy2006topic,
  title={Topic-focused Multi-document Summarization Using an Approximate Oracle Score},
  author={Conroy, John M and Schlesinger, Judith D and O'Leary, Dianne P},
  booktitle={Proceedings of the COLING/ACL on Main Conference Poster Sessions},
  pages={152--159},
  year={2006},
  organization={Association for Computational Linguistics}
}

@inproceedings{he2000comparing,
  title={Comparing Presentation Summaries: Slides vs. Reading vs. Listening},
  author={He, Liwei and Sanocki, Elizabeth and Gupta, Anoop and Grudin, Jonathan},
  booktitle={Proceedings of the SIGCHI conference on Human Factors in Computing Systems},
  pages={177--184},
  year={2000},
  organization={ACM}
}

@inproceedings{lin2004rouge,
  title={Rouge: A package for Automatic Evaluation of Summaries},
  author={Lin, Chin-Yew},
  booktitle={Text Summarization Branches Out: Proceedings of the ACL-04 Workshop},
  pages={74--81},
  year={2004}
}

@inproceedings{nenkova2006summarization,
  title={Summarization Evaluation for Text and Speech: Issues and Approaches.},
  author={Nenkova, Ani},
  booktitle={INTERSPEECH},
  year={2006}
}

@incollection{gomez2014content,
  title={Content and Style Features for Automatic Detection of Usersâ€™ Intentions in Tweets},
  author={G{\'o}mez-Adorno, Helena and Pinto, David and Montes, Manuel and Sidorov, Grigori and Alfaro, Rodrigo},
  booktitle={Advances in Artificial Intelligence--IBERAMIA 2014},
  pages={120--128},
  year={2014},
  publisher={Springer}
}

@inproceedings{banerjee2012towards,
  title={Towards Analyzing Micro-Blogs for Detection and Classification of Real-Time Intentions.},
  author={Banerjee, Nilanjan and Chakraborty, Dipanjan and Joshi, Anupam and Mittal, Sumit and Rai, Angshu and Ravindran, Balaraman},
  booktitle={Proceedings of International Conference on Web and Social Media},
  pages={391--394},
  year={2012}
}

@inproceedings{wang2015mining,
  title={Mining User Intents in Twitter: A Semi-Supervised Approach to Inferring Intent Categories for Tweets},
  author={Wang, Jinpeng and Cong, Gao and Zhao, Xin Wayne and Li, Xiaoming},
  booktitle={Twenty-Ninth AAAI Conference on Artificial Intelligence},
  pages={339--345},
  year={2015}
}

@inproceedings{mohammad2013identifying,
  title={Identifying Purpose Behind Electoral Tweets},
  author={Mohammad, Saif M and Kiritchenko, Svetlana and Martin, Joel},
  booktitle={Proceedings of the Second International Workshop on Issues of Sentiment Discovery and Opinion Mining},
  pages={1--9},
  year={2013},
  organization={ACM}
}

@inproceedings{cheung2013towards,
  title={Towards Robust Abstractive Multi-Document Summarization: A Caseframe Analysis of Centrality and Domain.},
  author={Cheung, Jackie Chi Kit and Penn, Gerald},
  booktitle={Association for Computational Linguistics},
  pages={1233--1242},
  year={2013}
}

@inproceedings{wei2014utilizing,
  title={Utilizing Microblogs for Automatic News Highlights Extraction},
  author={Wei, Zhongyu and Gao, Wei},
  year={2014},
  booktitle={Proceedings of COLING 2014, the 25th International Conference on Computational Linguistics: Technical Papers},
  pages={872--883}
}

@incollection{nenkova2012survey,
  title={A Survey of Text Summarization Techniques},
  author={Nenkova, Ani and McKeown, Kathleen},
  booktitle={Mining Text Data},
  pages={43--76},
  year={2012},
  publisher={Springer}
}

@article{sinclair1996preliminary,
  title={Preliminary Recommendations on Text Typology},
  author={Sinclair, John and Ball, John},
  journal={EAGLES (Expert Advisory Group on Language Engineering Standards)},
  year={1996}
}

@incollection{liu2012survey,
  title={A Survey of Opinion Mining and Sentiment Analysis},
  author={Liu, Bing and Zhang, Lei},
  booktitle={Mining Text Data},
  pages={415--463},
  year={2012},
  publisher={Springer}
}

@inproceedings{yang2013log,
  title={A Log-Linear Model for Unsupervised Text Normalization.},
  author={Yang, Yi and Eisenstein, Jacob},
  booktitle={Proceedings of Conference on Empirical Methods in Natural Language Processing},
  pages={61--72},
  year={2013}
}

@inproceedings{gouws2011contextual,
  title={Contextual Bearing on Linguistic Variation in Social Media},
  author={Gouws, Stephan and Metzler, Donald and Cai, Congxing and Hovy, Eduard},
  booktitle={Proceedings of the Workshop on Languages in Social Media},
  pages={20--29},
  year={2011},
  organization={Association for Computational Linguistics}
}

@article{fleiss1971measuring,
  title={Measuring Nominal Scale Agreement Among Many Raters.},
  author={Fleiss, Joseph L},
  journal={Psychological bulletin},
  volume={76},
  number={5},
  pages={378},
  year={1971},
  publisher={American Psychological Association}
}

@article{mann1947test,
  title={On a Test of whether One of Two Random Variables is Stochastically Larger than the Other},
  author={Mann, Henry B and Whitney, Donald R},
  journal={The Annals of Mathematical Statistics},
  pages={50--60},
  year={1947},
  publisher={JSTOR}
}

@article{wilcoxon1947probability,
  title={Probability Tables for Individual Comparisons by Ranking Methods},
  author={Wilcoxon, Frank},
  journal={Biometrics},
  volume={3},
  number={3},
  pages={119--122},
  year={1947},
  publisher={JSTOR}
}

@inproceedings{lin2004looking,
  title={Looking for a Few Good Metrics: ROUGE and its Evaluation},
  author={Lin, Chin-Yew and Och, FJ},
  booktitle={NTCIR Workshop},
  year={2004}
}

@inproceedings{sidhayeindicative,
  title={Indicative Tweet Generation: An Extractive Summarization Problem?},
  author={Sidhaye, Priya and Cheung, Jackie Chi Kit},
  booktitle={Proceedings of Conference on Empirical Methods in Natural Language Processing},
  pages={138--147},
  year={2015}
}

@misc{geertzen2012inter,
  title={Inter-rater Agreement with Multiple Raters and Variables},
  author={Geertzen, J},
  howpublished = {\url{https://nlp-ml.io/jg/software/ira/}},
  year={2012}
}

@article{kohen1960coefficient,
  title={A Coefficient of Agreement for Nominal Scale},
  author={Kohen, Jacob},
  journal={Educational and Psychological Measurement},
  volume={20},
  pages={37--46},
  year={1960}
}

@inproceedings{ritter2011named,
  title={Named Entity Recognition in Tweets: an Experimental Study},
  author={Ritter, Alan and Clark, Sam and Etzioni, Oren and others},
  booktitle={Proceedings of the Conference on Empirical Methods in Natural Language Processing},
  pages={1524--1534},
  year={2011},
  organization={Association for Computational Linguistics}
}

@inproceedings{gimpel2011part,
  title={Part-of-speech tagging for Twitter: Annotation, Features, and Experiments},
  author={Gimpel, Kevin and Schneider, Nathan and O'Connor, Brendan and Das, Dipanjan and Mills, Daniel and Eisenstein, Jacob and Heilman, Michael and Yogatama, Dani and Flanigan, Jeffrey and Smith, Noah A},
  booktitle={Proceedings of the 49th Annual Meeting of the Association for Computational Linguistics: Human Language Technologies: short papers-Volume 2},
  pages={42--47},
  year={2011},
  organization={Association for Computational Linguistics}
}

@article{owoputi2012part,
  title={Part-of-Speech Tagging for Twitter: Word Clusters and Other Advances},
  author={Owoputi, Olutobi and Oâ€™Connor, Brendan and Dyer, Chris and Gimpel, Kevin and Schneider, Nathan},
  journal={School of Computer Science},
  year={2012}
}

@inproceedings{han2011lexical,
  title={Lexical Normalisation of Short Text Messages: Makn sens a\# twitter},
  author={Han, Bo and Baldwin, Timothy},
  booktitle={Proceedings of the 49th Annual Meeting of the Association for Computational Linguistics: Human Language Technologies-Volume 1},
  pages={368--378},
  year={2011},
  organization={Association for Computational Linguistics}
}

@inproceedings{kaufmann2010syntactic,
  title={Syntactic Normalization of Twitter Messages},
  author={Kaufmann, Max and Kalita, Jugal},
  booktitle={International conference on natural language processing, Kharagpur, India},
  year={2010}
}

@article{kouloumpis2011twitter,
  title={Twitter Sentiment Analysis: The Good the Bad and the OMG!},
  author={Kouloumpis, Efthymios and Wilson, Theresa and Moore, Johanna D},
  journal={Proceedings of International Conference on Web and Social Media},
  volume={11},
  pages={538--541},
  year={2011}
}

@article{mohammad2013nrc,
  title={NRC-Canada: Building the State-of-the-Art in Sentiment Analysis of Tweets},
  author={Mohammad, Saif M and Kiritchenko, Svetlana and Zhu, Xiaodan},
  journal={arXiv preprint arXiv:1308.6242},
  year={2013}
}

@inproceedings{nichols2012summarizing,
  title={Summarizing Sporting Events Using Twitter},
  author={Nichols, Jeffrey and Mahmud, Jalal and Drews, Clemens},
  booktitle={Proceedings of the 2012 ACM International Conference on Intelligent User Interfaces},
  pages={189--198},
  year={2012},
  organization={ACM}
}

@article{chu2012detecting,
  title={Detecting Automation of Twitter accounts: Are You a Human, Bot, or Cyborg?},
  author={Chu, Zi and Gianvecchio, Steven and Wang, Haining and Jajodia, Sushil},
  journal={IEEE Transactions on Dependable and Secure Computing},
  volume={9},
  number={6},
  pages={811--824},
  year={2012},
  publisher={IEEE}
}

@article{knight2002summarization,
  title={Summarization beyond sentence extraction: A probabilistic approach to sentence compression},
  author={Knight, Kevin and Marcu, Daniel},
  journal={Artificial Intelligence},
  volume={139},
  number={1},
  pages={91--107},
  year={2002},
  publisher={Elsevier}
}

@inproceedings{liu2009extractive,
  title={From extractive to abstractive meeting summaries: Can it be done by sentence compression?},
  author={Liu, Fei and Liu, Yang},
  booktitle={Proceedings of the ACL-IJCNLP 2009 Conference Short Papers},
  pages={261--264},
  year={2009},
  organization={Association for Computational Linguistics}
}